astar@malavec.astar.org.5936:1300617553