% ------------------------------------------------------------------------
% BIBLIOGRAPHY FILE
% ------------------------------------------------------------------------

@article{hanisch2010international,
  title={{The international virtual observatory}},
  author={Hanisch, RJ and Quinn, PJ},
  journal={Retrieved from http://www. ivoa. net/pub/info/TheIVOA. pdf on},
  volume={24},
  year={2010}
}

@article{williams2004virtual,
  title={{Virtual Observatory Architecture Overview}},
  author={Williams, R. and Hanischet, B. and others},
  journal={Retrieved October},
  volume={24},
  pages={2008},
  year={2004}
}

@article{berners1990worldwideweb,
  title={{WorldWideWeb: Proposal for a HyperText project}},
  author={Berners-Lee, T. and Cailliau, R.},
  journal={European Particle Physics Laboratory (CERN)},
  year={1990}
}

@article{gray2007,
  title={{An RDF version of the VO Registry}},
  author={Norman Gray},
  journal={IVOA Note (V1.0, 2007 September 20) },
  volume={},
  year={2007}
}


@article{bensonivoa,
  title={{IVOA Registry Interfaces}},
  author={Benson, K. and Plante, R. and Auden, E. and others},
  journal={IVOA Working Draft},
  year={2009}
}

@article{ballastroinformatics,
  title={{ASTROINFORMATICS IN CANADA}},
  author={Ball, N.M. and Schade, D.},
  year={2010}
}

@article{fits1997,
  title={{A User’s Guide for the Flexible Image Transport System}},
  author={Schlesinger, B.},
  year={1997},
  publisher={Goddard Space Flight Center}
}

@article{nrc1995,
  title={{Preserving Scientiﬁc Data on our Physical Universe}},
  author={National Research Council},
  year={1995},
  publisher={National Academy Press}
}

@article{porter2003classical,
  title={{Classical Be Stars}},
  author={Porter, J.M. and Rivinius, T.},
  journal={Publications of the Astronomical Society of the Pacific},
  volume={115},
  number={812},
  pages={1153--1170},
  issn={0004-6280},
  year={2003}
}

@article{becla2006designing,
  title={{Designing a multi-petabyte database for LSST}},
  author={Becla, J. and Hanushevsky, A. and Nikolaev, S. and Abdulla, G. and Szalay, A. and Nieto-Santisteban, M. and Thakar, A. and Gray, J.},
  journal={Arxiv preprint cs/0604112},
  year={2006}
}





% ------------------------------------------------------------------------
