@ARTICLE{2008AJ....136..631Y,
   author = {{Yan}, J. and {Liu}, Q. and {Hadrava}, P.},
    title = "{Optical Spectroscopic Observations of Cyg X-1 = HDE 226868}",
  journal = {\aj},
archivePrefix = "arXiv",
   eprint = {0806.4232},
 keywords = {binaries: spectroscopic, stars: early-type, stars: individual: HDE 226868 Cygnus X-1, stars: winds, outflows, X-rays: binaries},
     year = 2008,
    month = aug,
   volume = 136,
    pages = {631-640},
      doi = {10.1088/0004-6256/136/2/631},
   adsurl = {http://esoads.eso.org/abs/2008AJ....136..631Y},
  adsnote = {Provided by the SAO/NASA Astrophysics Data System}
}
@ARTICLE{1995A&AS..114..393H,
   author = {{Hadrava}, P.},
    title = "{Orbital elements of multiple spectroscopic stars.}",
  journal = {\aaps},
 keywords = {STARS: BINARIES SPECTROSCOPIC, METHODS: NUMERICAL},
     year = 1995,
    month = dec,
   volume = 114,
    pages = {393},
   adsurl = {http://adsabs.harvard.edu/abs/1995A%26AS..114..393H},
  adsnote = {Provided by the SAO/NASA Astrophysics Data System}
}




@ARTICLE{1999A&A...345..855H,
   author = {{Holmgren}, D.~E. and {Hadrava}, P. and {Harmanec}, P. and {Eenens}, P. and 
	{Corral}, L.~J. and {Yang}, S. and {Ak}, H. and {Bozi{\'c}}, H.
	},
    title = "{Search for forced oscillations in binaries. III. Improved elements and the detection of line-profile variability of the B4V + A6V: system AR Cassiopeiae}",
  journal = {\aap},
 keywords = {STARS: BINARIES: SPECTROSCOPIC, STARS: FUNDAMENTAL PARAMETERS, STARS: INDIVIDUAL: AR CAS},
     year = 1999,
    month = may,
   volume = 345,
    pages = {855-868},
   adsurl = {http://adsabs.harvard.edu/abs/1999A%26A...345..855H},
  adsnote = {Provided by the SAO/NASA Astrophysics Data System}
}

@ARTICLE{2006A&A...448.1149H,
   author = {{Hadrava}, P.},
    title = "{Disentangling telluric lines in stellar spectra}",
  journal = {\aap},
   eprint = {arXiv:astro-ph/0602423},
 keywords = {atmospheric effects, techniques: spectroscopic, techniques: radial velocities, line: profiles, stars: atmospheres, stars: planetary systems},
     year = 2006,
    month = mar,
   volume = 448,
    pages = {1149-1152},
      doi = {10.1051/0004-6361:20054209},
   adsurl = {http://esoads.eso.org/abs/2006A%26A...448.1149H},
  adsnote = {Provided by the SAO/NASA Astrophysics Data System}
}
@ARTICLE{2007A&A...474..983L,
   author = {{Lopes de Oliveira}, R. and {Motch}, C. and {Smith}, M.~A. and 
	{Negueruela}, I. and {Torrej{\'o}n}, J.~M.},
    title = "{On the X-ray and optical properties of the Be star <ASTROBJ>HD 110432</ASTROBJ>: a very hard-thermal X-ray emitter}",
  journal = {\aap},
   eprint = {arXiv:astro-ph/0701767},
 keywords = {stars: emission-line, Be, stars: individual: <ASTROBJ>HD 110432</ASTROBJ>},
     year = 2007,
    month = nov,
   volume = 474,
    pages = {983-996},
      doi = {10.1051/0004-6361:20077295},
   adsurl = {http://adsabs.harvard.edu/abs/2007A%26A...474..983L},
  adsnote = {Provided by the SAO/NASA Astrophysics Data System}
}
@ARTICLE{2009arXiv0903.2600L,
   author = {{Lopes de Oliveira}, R. and {Smith}, M.~A. and {Motch}, C.},
    title = "{$\backslash$gamma Cassiopeiae: an X-ray Be star with personality}",
  journal = {ArXiv e-prints},
archivePrefix = "arXiv",
   eprint = {0903.2600},
 keywords = {Astrophysics - High Energy Astrophysical Phenomena, Astrophysics - Solar and Stellar Astrophysics},
     year = 2009,
    month = mar,
   adsurl = {http://adsabs.harvard.edu/abs/2009arXiv0903.2600L},
  adsnote = {Provided by the SAO/NASA Astrophysics Data System}
}

@INPROCEEDINGS{2006ASPC..355....3S,
   author = {{Swings}, J.-P.},
    title = "{A Grandfather's Question: Why Have these Stars Been Called B[e]s ?}",
booktitle = {Stars with the B[e] Phenomenon},
     year = 2006,
   series = {Astronomical Society of the Pacific Conference Series},
   volume = 355,
   editor = {{Kraus}, M. and {Miroshnichenko}, A.~S.},
    month = dec,
    pages = {3},
   adsurl = {http://adsabs.harvard.edu/abs/2006ASPC..355....3S},
  adsnote = {Provided by the SAO/NASA Astrophysics Data System}
}


@ARTICLE{1998MNRAS.293L..13V,
   author = {{Villata}, M. and {Raiteri}, C.~M. and {Sillanpaa}, A. and {Takalo}, L.~O.
	},
    title = "{A beaming model for the OJ 287 periodic optical outbursts}",
  journal = {\mnras},
 keywords = {ACTIVE GALAXIES, BL LACERTAE OBJECTS, BLAZARS, GALACTIC NUCLEI, LIGHT EMISSION, LIGHT CURVE, ASTRONOMICAL MODELS},
     year = 1998,
    month = jan,
   volume = 293,
    pages = {L13-L16},
      doi = {10.1046/j.1365-8711.1998.01244.x},
   adsurl = {http://adsabs.harvard.edu/abs/1998MNRAS.293L..13V},
  adsnote = {Provided by the SAO/NASA Astrophysics Data System}
}


@ARTICLE{2008A&A...491..755R,
   author = {{Raiteri}, C.~M. and {Villata}, M. and {Larionov}, V.~M. and 
	{Gurwell}, M.~A. and {Chen}, W.~P. and {Kurtanidze}, O.~M. and 
	{Aller}, M.~F. and {B{\"o}ttcher}, M. and {Calcidese}, P. and 
	{Hroch}, F. and {L{\"a}hteenm{\"a}ki}, A. and {Lee}, C.-U. and 
	{Nilsson}, K. and {Ohlert}, J. and {Papadakis}, I.~E. and {Agudo}, I. and 
	{Aller}, H.~D. and {Angelakis}, E. and {Arkharov}, A.~A. and 
	{Bach}, U. and {Bachev}, R. and {Berdyugin}, A. and {Buemi}, C.~S. and 
	{Carosati}, D. and {Charlot}, P. and {Chatzopoulos}, E. and 
	{Forn{\'e}}, E. and {Frasca}, A. and {Fuhrmann}, L. and {G{\'o}mez}, J.~L. and 
	{Gupta}, A.~C. and {Hagen-Thorn}, V.~A. and {Hsiao}, W.-S. and 
	{Jordan}, B. and {Jorstad}, S.~G. and {Konstantinova}, T.~S. and 
	{Kopatskaya}, E.~N. and {Krichbaum}, T.~P. and {Lanteri}, L. and 
	{Larionova}, L.~V. and {Latev}, G. and {Le Campion}, J.-F. and 
	{Leto}, P. and {Lin}, H.-C. and {Marchili}, N. and {Marilli}, E. and 
	{Marscher}, A.~P. and {McBreen}, B. and {Mihov}, B. and {Nesci}, R. and 
	{Nicastro}, F. and {Nikolashvili}, M.~G. and {Novak}, R. and 
	{Ovcharov}, E. and {Pian}, E. and {Principe}, D. and {Pursimo}, T. and 
	{Ragozzine}, B. and {Ros}, J.~A. and {Sadun}, A.~C. and {Sagar}, R. and 
	{Semkov}, E. and {Smart}, R.~L. and {Smith}, N. and {Strigachev}, A. and 
	{Takalo}, L.~O. and {Tavani}, M. and {Tornikoski}, M. and {Trigilio}, C. and 
	{Uckert}, K. and {Umana}, G. and {Valcheva}, A. and {Vercellone}, S. and 
	{Volvach}, A. and {Wiesemeyer}, H.},
    title = "{A new activity phase of the blazar <ASTROBJ>3C 454.3</ASTROBJ>. Multifrequency observations by the WEBT and XMM-Newton in 2007-2008}",
  journal = {\aap},
archivePrefix = "arXiv",
   eprint = {0810.2424},
 keywords = {galaxies: active, galaxies: quasars: general, galaxies: quasars: individual: <ASTROBJ>3C 454.3</ASTROBJ>, galaxies: jets},
     year = 2008,
    month = dec,
   volume = 491,
    pages = {755-766},
      doi = {10.1051/0004-6361:200810869},
   adsurl = {http://adsabs.harvard.edu/abs/2008A%26A...491..755R},
  adsnote = {Provided by the SAO/NASA Astrophysics Data System}
}
    
@INPROCEEDINGS{2008asvo.proc...29M,
   author = {{Mickaelian}, A.~M. and {Nesci}, R. and {Cirimele}, G. and {Sargsyan}, L.~A. and 
	{D'Amante}, L. and {Germano}, P. and {Massaro}, E. and {Rossi}, C. and 
	{Gaudenzi}, S. and {Weedman}, D. and {Mikayelyan}, G.~A. and 
	{Erastova}, L.~K. and {Gigoyan}, K.~S. and {Hovhannisyan}, L.~R. and 
	{Sinamyan}, P.~K. and {J.~Houck}, J. and {Barry}, D.},
    title = "{The Spectroscopic Database of the Digitized First Byurakan Survey}",
booktitle = {Astronomical Spectroscopy and Virtual Observatory, Proceedings of the EURO-VO Workshop, held at the European Space Astronomy Centre of ESA, Villafranca del Castillo, Spain, 21-23 March, 2007, Eds.: M. Guainazzi and P. Osuna, Published by the European Space Agency., p.29},
     year = 2008,
   editor = {{Guainazzi}, M. and {Osuna}, P.},
    month = oct,
    pages = {29},
   adsurl = {http://adsabs.harvard.edu/abs/2008asvo.proc...29M},
  adsnote = {Provided by the SAO/NASA Astrophysics Data System}
}


